@misc{lego,
  title = {{Brickset reviews}},
  howpublished = "\url{http://brickset.com/reviews/eurobricks}",
  year = {2016}, 
  note = "[Online; accessed 19-July-2008]"
}
@Misc{data,
title = {{Review data}},
year = {2016},
howpublished = "\url{https://docs.google.com/spreadsheets/d/1Bfq2fPRiwwCGS6JgpyrVP4OSyPuhuU_sO77xnFKWSoQ/edit?usp=sharing}",
note = {"[Online; accessed 20-mar-2016]"}
}

@Misc{nlp,
title = {{Stanford coreNLP, deep learning sentiment analysis}},
year = {2016},
howpublished = "\url{http://nlp.stanford.edu/sentiment/}",
note = {"[Online; accessed 27-mar-2016]"}
}

@Misc{textblob,
title = {{Text analysis for python}},
year = {2016},
howpublished = "\url{https://textblob.readthedocs.org/en/dev/}",
note = {"[Online; accessed 20-mar-2016]"}
}
@Misc{python,
title = {{Python interpreter}},
year = {2016},
howpublished = "\url{https://www.python.org/}",
note = {"[Online; accessed 20-mar-2016]"}
}

@Misc{numpy,
title = {{Numerical python}},
year = {2016},
howpublished = "\url{http://www.numpy.org/}",
note = {"[Online; accessed 20-mar-2016]"}
}
@Misc{uClassify,
title = {{uClassify}},
year = {2016},
howpublished = "\url{https://uclassify.com/}",
note = {"[Online; accessed 20-mar-2016]"}
}
@Misc{uClassifyP,
title = {{uClassify for Python}},
year = {2016},
howpublished = "\url{https://pypi.python.org/pypi/uclassify/0.1.0}",
note = {"[Online; accessed 20-mar-2016]"}
}