@article{H2016,
  title={Predicting Vaccination Uptake using Web Search Queries},
  author={Niels Dalum Hansen and Christina Lioma and Kaare Molbak},
  journal={in press},
  year={2016},
}
@misc{web1,
	title = {SSI.dk},
	howpublished = "\url{www.ssi.dk}",
	note = {"[Online; accessed 20-feb-2016]"}
}
@misc{web2,
	title = {www.sundhed.dk},
	howpublished = "\url{www.sundhed.dk}",
	note = {"[Online; accessed 20-feb-2016]"}
}
@misc{trends,
	title = {Google Trends},
	howpublished = "\url{https://www.google.com/trends/}",
	note = {"[Online; accessed 11-apr-2016]"}
}
@misc{pytrends,
	title = {Google Trends for python},
	howpublished = "\url{https://github.com/GeneralMills/pytrends}",
	note = {"[Online; accessed 20-feb-2016]"}
}
@misc{ssi0,
	title = {HPV SSI description},
	howpublished = "\url{http://www.ssi.dk/Vaccination/Boernevaccination/Vacciner\%20i\%20boernevaccinationsprogrammet/HPV-vaccine.aspx}",
	note = {"[Online; accessed 20-feb-2016]"}
}

@misc{ssi1,
	title = {MFR SSI description},
	howpublished = "\url{http://www.ssi.dk/Vaccination/Boernevaccination/Vacciner\%20i\%20boernevaccinationsprogrammet/MFR-vaccine.aspx}",
	note = {"[Online; accessed 20-feb-2016]"}
}

@misc{sund0,
	title = {HPV sundhed.dk description},
	howpublished = "\url{https://www.sundhed.dk/borger/sygdomme-a-aa/kvindesygdomme/sygdomme/infektioner/hpv-vaccination/}",
	note = {"[Online; accessed 20-feb-2016]"}
}

@misc{sund1,
	title = {MFR sundhed.dk description},
	howpublished = "\url{https://www.sundhed.dk/borger/sygdomme-a-aa/rejsemedicin-og-vacciner/sygdomme/boerne-og-ungdomsvaccination/mfr-vaccinen/}",
	note = {"[Online; accessed 20-feb-2016]"}
}

